@inproceedings{Viola:2001,
  title={Rapid object detection using a boosted cascade of simple features},
  author={Viola, Paul and Jones, Michael},
  booktitle={Computer Vision and Pattern Recognition, 2001. CVPR 2001. Proceedings of the 2001 IEEE Computer Society Conference on},
  volume={1},
  pages={I--I},
  year={2001},
  organization={IEEE}
}

@article{Anguelov:2010,
  title={Google street view: Capturing the world at street level},
  author={Anguelov, Dragomir and Dulong, Carole and Filip, Daniel and Frueh, Christian and Lafon, St{\'e}phane and Lyon, Richard and Ogale, Abhijit and Vincent, Luc and Weaver, Josh},
  journal={Computer},
  volume={43},
  number={6},
  pages={32--38},
  year={2010},
  publisher={IEEE}
}

@article{Watts:2012,
  title={Unmanned aircraft systems in remote sensing and scientific research: Classification and considerations of use},
  author={Watts, Adam C and Ambrosia, Vincent G and Hinkley, Everett A},
  journal={Remote Sensing},
  volume={4},
  number={6},
  pages={1671--1692},
  year={2012},
  publisher={Molecular Diversity Preservation International}
}

@inproceedings{Papageorgiou:1998,
 author = {Papageorgiou, Constantine P. and Oren, Michael and Poggio, Tomaso},
 title = {A General Framework for Object Detection},
 booktitle = {Proceedings of the Sixth International Conference on Computer Vision},
 series = {ICCV '98},
 year = {1998},
 isbn = {81-7319-221-9},
 pages = {555--},
 url = {http://dl.acm.org/citation.cfm?id=938978.939174},
 acmid = {939174},
 publisher = {IEEE Computer Society},
 address = {Washington, DC, USA},
} 

@inproceedings{Lienhart:2002,
 author={R. Lienhart and J. Maydt},
 booktitle={Proceedings. International Conference on Image Processing},
 title={An extended set of Haar-like features for rapid object detection},
 year={2002},
 volume={1},
 pages={I-900-I-903 vol.1},
 doi={10.1109/ICIP.2002.1038171},
 ISSN={1522-4880}
}

@article{Crow:1984,
  title={Summed-area tables for texture mapping},
  author={Crow, Franklin C},
  journal={ACM SIGGRAPH computer graphics},
  volume={18},
  number={3},
  pages={207--212},
  year={1984},
  publisher={ACM}
}

@article{Domingos:2012,
 author = {Domingos, Pedro},
 title = {A Few Useful Things to Know About Machine Learning},
 journal = {Commun. ACM},
 issue_date = {October 2012},
 volume = {55},
 number = {10},
 month = oct,
 year = {2012},
 issn = {0001-0782},
 pages = {78--87},
 numpages = {10},
 url = {http://doi.acm.org/10.1145/2347736.2347755},
 doi = {10.1145/2347736.2347755},
 acmid = {2347755},
 publisher = {ACM},
 address = {New York, NY, USA},
}

@article{Kotsiantis:2006,
  added-at = {2009-09-17T00:00:00.000+0200},
  author = {Kotsiantis, Sotiris B. and Zaharakis, Ioannis D. and Pintelas, Panayiotis E.},
  biburl = {https://www.bibsonomy.org/bibtex/2cb6b8f292a2231cb8a4da796b57d057a/dblp},
  date = {2009-09-17},
  description = {dblp},
  ee = {http://dx.doi.org/10.1007/s10462-007-9052-3},
  interhash = {426ffe6e3164ff9e107ab8cce30f4e4d},
  intrahash = {cb6b8f292a2231cb8a4da796b57d057a},
  journal = {Artif. Intell. Rev.},
  keywords = {dblp},
  number = 3,
  pages = {159-190},
  timestamp = {2009-09-18T11:34:20.000+0200},
  title = {Machine learning: a review of classification and combining techniques.},
  url = {http://dblp.uni-trier.de/db/journals/air/air26.html#KotsiantisZP06},
  volume = 26,
  year = 2006
}

@article{Freund:1997,
 author = {Freund, Yoav and Schapire, Robert E},
 title = {A Decision-Theoretic Generalization of On-Line Learning and an Application to Boosting},
 journal = {J. Comput. Syst. Sci.},
 issue_date = {Aug. 1997},
 volume = {55},
 number = {1},
 month = aug,
 year = {1997},
 issn = {0022-0000},
 pages = {119--139},
 numpages = {21},
 url = {http://dx.doi.org/10.1006/jcss.1997.1504},
 doi = {10.1006/jcss.1997.1504},
 acmid = {261549},
 publisher = {Academic Press, Inc.},
 address = {Orlando, FL, USA},
}

@inproceedings{Schapire:1999,
 author = {Schapire, Robert E.},
 title = {A Brief Introduction to Boosting},
 booktitle = {Proceedings of the 16th International Joint Conference on Artificial Intelligence - Volume 2},
 series = {IJCAI'99},
 year = {1999},
 location = {Stockholm, Sweden},
 pages = {1401--1406},
 numpages = {6},
 url = {http://dl.acm.org/citation.cfm?id=1624312.1624417},
 acmid = {1624417},
 publisher = {Morgan Kaufmann Publishers Inc.},
 address = {San Francisco, CA, USA},
}

@article{Viola:2004,
 author = {Viola, Paul and Jones, Michael J.},
 title = {Robust Real-Time Face Detection},
 journal = {Int. J. Comput. Vision},
 issue_date = {May 2004},
 volume = {57},
 number = {2},
 month = may,
 year = {2004},
 issn = {0920-5691},
 pages = {137--154},
 numpages = {18},
 url = {http://dx.doi.org/10.1023/B:VISI.0000013087.49260.fb},
 doi = {10.1023/B:VISI.0000013087.49260.fb},
 acmid = {966458},
 publisher = {Kluwer Academic Publishers},
 address = {Hingham, MA, USA},
 keywords = {boosting, face detection, human sensing},
}

@misc{OpenStreetMap:2017,
  author = {{OpenStreetMap}},
  title = {{Stop sign locations retrieved from http://overpass-api.de/api/interpreter}},
  howpublished = "\url{ https://www.openstreetmap.org }",
  year = {2017},
}

@article{Haklay:2008,
  author = {Haklay, Mordechai (Muki) and Weber, Patrick},
  title = {OpenStreetMap: User-Generated Street Maps},
  journal = {IEEE Pervasive Computing},
  issue_date = {October 2008},
  volume = {7},
  number = {4},
  month = oct,
  year = {2008},
  issn = {1536-1268},
  pages = {12--18},
  numpages = {7},
  url = {http://dx.doi.org/10.1109/MPRV.2008.80},
  doi = {10.1109/MPRV.2008.80},
  acmid = {1477249},
  publisher = {IEEE Educational Activities Department},
  address = {Piscataway, NJ, USA},
  keywords = {Spatial databases and GIS, Spatial databases and GIS, user-generated content, collaborative computing, computer-supported cooperative work, collaborative computing, computer-supported cooperative work, user-generated content},
} 

@misc{Lee:1994,
    author = {Lee, Berners T. and Masinter, L. and Mccahill, M.},
    citeulike-article-id = {240708},
    citeulike-linkout-0 = {http://www.ietf.org/\\-rfc/\\-rfc1738.txt},
    howpublished = {http://www.ietf.org/\-rfc/\-rfc1738.txt},
    keywords = {technology},
    posted-at = {2005-06-30 11:33:46},
    priority = {0},
    title = {{RFC} 1738: Uniform Resource Locator ({URL})},
    url = {http://www.ietf.org/\-rfc/\-rfc1738.txt},
    year = {1994}
}

@misc{Wen:2017,
  author = {Wen, Richard},
  title = {A command line tool and module for Google Street View Image API},
  howpublished = "\url{ https://pypi.python.org/pypi/google-streetview }",
  year = {2017},
}
